<record><leader>00000cas a22000007a 4500</leader><controlfield tag="001">14546086</controlfield><controlfield tag="008">861028d18511852iaudn ne      0    0eng d</controlfield><datafield ind1=" " ind2=" " tag="010"><subfield code="a">sn 86061138 </subfield></datafield><datafield ind1=" " ind2=" " tag="040"><subfield code="a">INP</subfield><subfield code="b">eng</subfield><subfield code="c">INP</subfield><subfield code="d">NPH</subfield><subfield code="d">INP</subfield><subfield code="d">OCLCQ</subfield></datafield><datafield ind1=" " ind2=" " tag="042"><subfield code="a">msc</subfield></datafield><datafield ind1="0" ind2="0" tag="245"><subfield code="a">Miners' daily express.</subfield></datafield><datafield ind1="3" ind2="0" tag="246"><subfield code="a">Daily express</subfield></datafield><datafield ind1=" " ind2=" " tag="260"><subfield code="a">City of Dubuque, Iowa :</subfield><subfield code="b">Wm. H. Merritt,</subfield><subfield code="c">1851-1852.</subfield></datafield><datafield ind1=" " ind2=" " tag="300"><subfield code="a">1 v.</subfield></datafield><datafield ind1=" " ind2=" " tag="310"><subfield code="a">Daily (except Sunday)</subfield></datafield><datafield ind1="0" ind2=" " tag="362"><subfield code="a">Vol. 1, no. 1 (Aug. 19, 1851)-v. 1, no. 124 (Jan. 11 [i.e. Jan. 12], 1852).</subfield></datafield><datafield ind1=" " ind2=" " tag="515"><subfield code="a">Vol. 1, no. 124 (Jan. 12, 1852) misdated Jan. 11, 1852.</subfield></datafield><datafield ind1=" " ind2=" " tag="752"><subfield code="a">United States</subfield><subfield code="b">Iowa</subfield><subfield code="c">Dubuque</subfield><subfield code="d">Dubuque.</subfield></datafield><datafield ind1="0" ind2=" " tag="775"><subfield code="t">Miners' express (Dubuque, Iowa : 1849)</subfield><subfield code="w">(DLC)sn 86083363</subfield></datafield><datafield ind1="0" ind2="0" tag="785"><subfield code="t">Daily miners' express</subfield><subfield code="w">(DLC)sn 86061139</subfield></datafield></record>